@article{kaplan2019siri,
  title={Siri, Siri, in my hand: Who’s the fairest in the land? On the interpretations, illustrations, and implications of artificial intelligence},
  author={Kaplan, Andreas and Haenlein, Michael},
  journal={Business horizons},
  volume={62},
  number={1},
  pages={15--25},
  year={2019},
  publisher={Elsevier}
}

@article{busnatu2022clinical,
  title={Clinical applications of artificial intelligence—an updated overview},
  author={Busnatu, Ștefan and Niculescu, Adelina-Gabriela and Bolocan, Alexandra and Petrescu, George ED and P{\u{a}}duraru, Dan Nicolae and N{\u{a}}stas{\u{a}}, Iulian and Lupușoru, Mircea and Geant{\u{a}}, Marius and Andronic, Octavian and Grumezescu, Alexandru Mihai and others},
  journal={Journal of clinical medicine},
  volume={11},
  number={8},
  pages={2265},
  year={2022},
  publisher={MDPI}
}

@misc{ref1,
  title = {Real Life Examples of Artificial Intelligence},
  url = {https://www.ironhack.com/gb/blog/real-life-examples-of-artificial-intelligence},
  note = {Accessed: 20-09-2024}
}

@misc{ref2,
  title = {The History and Role of Voice Assistants in Smart Homes},
  url = {https://tcaflisch.medium.com/the-history-and-role-of-voice-assistants-in-smart-homes-3cf3cd43467a},
  note = {Accessed: 20-09-2024}
}

@misc{ref3,
  title = {What is ChatGPT? The world's most popular AI chatbot explained},
  url = {https://www.zdnet.com/article/what-is-chatgpt-the-worlds-most-popular-ai-chatbot-explained/},
  note = {Accessed: 20-09-2024}
}

@misc{ref4,
  title = {Chi sono i concorrenti di ChatGPT?},
  url = {https://www.techopedia.com/it/chi-sono-i-concorrenti-di-chatgpt},
  note = {Accessed: 20-09-2024}
}

@article{amatriain2024prompt,
  title={Prompt design and engineering: Introduction and advanced methods},
  author={Amatriain, Xavier},
  journal={arXiv preprint arXiv:2401.14423},
  year={2024}
}

@misc{ref5,
  title = {Prompt Engineering: una guida all'interrogazione efficace degli LLM},
  url = {https://www.diariodiunanalista.it/posts/guida-prompt-engineering/},
  note = {Accessed: 20-09-2024}
}

@misc{protege_ontology,
  title = {Ontology Development 101: A Guide to Creating Your First Ontology},
  url = {https://protege.stanford.edu/publications/ontology_development/ontology101-noy-mcguinness.html},
  note = {Accessed: 23-09-2024}
}

@article{canfora2004ontologie,
  title={Ontologie e Linguaggi Ontologici per il Web Semantico},
  author={Canfora, Giovanni and Di Fatta, Daniela and Pilatoi, G},
  journal={Consiglio Nazionale delle Ricerche, Istituto di Calcolo e Reti ad Alte Prestazioni},
  year={2004}
}

@article{leonels2023ontology,
    author = {Topely Leoneles},
    title = {Applications and Challenges of Ontology Engineering},
    journal = {International Journal of Swarm Intelligence and Evolutionary Computation},
    year = {2023}
}

@article{fernandez2011semantically,
  title={Semantically enhanced information retrieval: An ontology-based approach},
  author={Fern{\'a}ndez, Miriam and Cantador, Iv{\'a}n and L{\'o}pez, Vanesa and Vallet, David and Castells, Pablo and Motta, Enrico},
  journal={Journal of Web Semantics},
  volume={9},
  number={4},
  pages={434--452},
  year={2011},
  publisher={Elsevier}
}

@misc{sparql,
    key = {SPARQL Query Language for RDF},
    url = {https://www.w3.org/TR/rdf-sparql-query/},
    note = {Accessed: 23-09-2024}
}

@article{munir2018use,
  title={The use of ontologies for effective knowledge modelling and information retrieval},
  author={Munir, Kamran and Anjum, M Sheraz},
  journal={Applied Computing and Informatics},
  volume={14},
  number={2},
  pages={116--126},
  year={2018},
  publisher={Elsevier}
}

@article{khan2011r2o,
  title={R2o: Relation to ontology transformation system},
  author={Khan, Sharifullah and Sonia, Kiran},
  journal={Journal of Information \& Knowledge Management},
  volume={10},
  number={01},
  pages={71--89},
  year={2011},
  publisher={World Scientific}
}

@article{liu2011natural,
  title={Natural language processing methods and systems for biomedical ontology learning},
  author={Liu, Kaihong and Hogan, William R and Crowley, Rebecca S},
  journal={Journal of biomedical informatics},
  volume={44},
  number={1},
  pages={163--179},
  year={2011},
  publisher={Elsevier}
}

@article{kumar2015ontology,
  title={Ontology based public healthcare system in Internet of Things (IoT)},
  author={Kumar, Vinoth and others},
  journal={Procedia Computer Science},
  volume={50},
  pages={99--102},
  year={2015},
  publisher={Elsevier}
}

@article{cornejo2021ontoslam,
  title={Ontoslam: An ontology for representing location and simultaneous mapping information for autonomous robots},
  author={Cornejo-Lupa, Maria A and Cardinale, Yudith and Ticona-Herrera, Regina and Barrios-Aranibar, Dennis and Andrade, Manoel and Diaz-Amado, Jose},
  journal={Robotics},
  volume={10},
  number={4},
  pages={125},
  year={2021},
  publisher={MDPI}
}

@article{malheiros2013method,
  title={A Method to Develop Description Logic Ontologies Iteratively Based on Competency Questions: an Implementation.},
  author={Malheiros, Yuri and Freitas, Fred and Tinto--PB--Brazil, Rio},
  journal={ONTOBRAS},
  volume={1041},
  pages={142--153},
  year={2013},
  publisher={Citeseer}
}

@article{espinoza2020using,
  title={Using LOT methodology to develop a noise pollution ontology: a Spanish use case},
  author={Espinoza-Arias, Paola and Poveda-Villal{\'o}n, Mar{\'\i}a and Corcho, Oscar},
  journal={Journal of Ambient Intelligence and Humanized Computing},
  volume={11},
  number={11},
  pages={4557--4568},
  year={2020},
  publisher={Springer}
}

@article{wisniewski2019analysis,
  title={Analysis of ontology competency questions and their formalizations in SPARQL-OWL},
  author={Wi{\'s}niewski, Dawid and Potoniec, Jedrzej and {\L}awrynowicz, Agnieszka and Keet, C Maria},
  journal={Journal of Web Semantics},
  volume={59},
  pages={100534},
  year={2019},
  publisher={Elsevier}
}
@article{keet2020african,
  title={The African wildlife ontology tutorial ontologies},
  author={Keet, C Maria},
  journal={Journal of Biomedical Semantics},
  volume={11},
  pages={1--11},
  year={2020},
  publisher={Springer}
}

@misc{rdf,
    key = {Resource Description Framework},
    url = {https://www.w3.org/RDF/},
    note = {Accessed: 24-09-2024}
}

@misc{owl2,
    key = {OWL 2 Web Ontology Language},
    url = {https://www.w3.org/TR/owl2-overview/},
    note = {Accessed: 24-09-2024}
}

@article{iqbal2013analysis,
  title={An analysis of ontology engineering methodologies: A literature review},
  author={Iqbal, Rizwan and Murad, Masrah Azrifah Azmi and Mustapha, Aida and Sharef, Nurfadhlina Mohd and others},
  journal={Research journal of applied sciences, engineering and technology},
  volume={6},
  number={16},
  pages={2993--3000},
  year={2013}
}

@inproceedings{fernandez1997ontological,
  title={From ontological art towards ontological engineering},
  author={FernAndez, Mariano and Gomez-Perez, AsunciOn and Juristo, NMETHONTOLOGY},
  booktitle={Proceedings of the Spring Symposium Series on Ontological Engineering (AAAI’97), AAAI Press},
  year={1997}
}

@misc{neon1,
    key = {Introduction to the NeOn Methodology},
    url = {http://neon-project.org/nw/book-chapters/Chapter-01.pdf},
    note = {Accessed: 25-09-2024}
}

@misc{neon2,
    key = {Scenarios for Building Ontology Networks},
    url = {http://neon-project.org/nw/book-chapters/Chapter-03-1.pdf},
    note = {Accessed: 25-09-2024}
}

@incollection{suarez2011neon,
  title={The NeOn methodology for ontology engineering},
  author={Su{\'a}rez-Figueroa, Mari Carmen and G{\'o}mez-P{\'e}rez, Asunci{\'o}n and Fern{\'a}ndez-L{\'o}pez, Mariano},
  booktitle={Ontology engineering in a networked world},
  pages={9--34},
  year={2011},
  publisher={Springer}
}

@incollection{erdmann2011overview,
  title={Overview of the neon toolkit},
  author={Erdmann, Michael and Waterfeld, Walter},
  booktitle={Ontology Engineering in a Networked World},
  pages={281--301},
  year={2011},
  publisher={Springer}
}

@article{poveda2022lot,
  title={LOT: An industrial oriented ontology engineering framework},
  author={Poveda-Villal{\'o}n, Mar{\'\i}a and Fern{\'a}ndez-Izquierdo, Alba and Fern{\'a}ndez-L{\'o}pez, Mariano and Garc{\'\i}a-Castro, Ra{\'u}l},
  journal={Engineering Applications of Artificial Intelligence},
  volume={111},
  pages={104755},
  year={2022},
  publisher={Elsevier}
}

@misc{ontology_online,
    key = {Best Practice Recipes for Publishing RDF Vocabularies},
    url = {https://www.w3.org/TR/swbp-vocab-pub/},
    note = {Accessed: 25-09-2024}
}

@article{de2020saref4inma,
  title={SAREF4INMA: A SAREF extension for the industry and manufacturing domain},
  author={de Roode, Mike and Fern{\'a}ndez-Izquierdo, Alba and Daniele, Laura and Poveda-Villal{\'o}n, Mar{\'\i}a and Garc{\'\i}a-Castro, Ra{\'u}l},
  journal={Semantic Web},
  volume={11},
  number={6},
  pages={911--926},
  year={2020},
  publisher={IOS Press}
}

@article{ruckhaus2023applying,
  title={Applying the LOT methodology to a public bus transport ontology aligned with transmodel: Challenges and results},
  author={Ruckhaus, Edna and Anton-Bravo, Adolfo and Scrocca, Mario and Corcho, Oscar},
  journal={Semantic Web},
  volume={14},
  number={4},
  pages={639--657},
  year={2023},
  publisher={IOS Press}
}


@inproceedings{nananukul2024halo,
  title={HALO: an ontology for representing and categorizing hallucinations in large language models},
  author={Nananukul, Navapat and Kejriwal, Mayank},
  booktitle={Disruptive Technologies in Information Sciences VIII},
  volume={13058},
  pages={86--100},
  year={2024},
  organization={SPIE}
}

@article{kommineni2024human,
  title={From human experts to machines: An LLM supported approach to ontology and knowledge graph construction},
  author={Kommineni, Vamsi Krishna and K{\"o}nig-Ries, Birgitta and Samuel, Sheeba},
  journal={arXiv preprint arXiv:2403.08345},
  year={2024}
}

@inproceedings{fathallah2024neon,
  title={NeOn-GPT: A Large Language Model-Powered Pipeline for Ontology Learning},
  author={Fathallah, Nadeen and Das, Arunav and De Giorgis, Stefano and Poltronieri, Andrea and Haase, Peter and Kovriguina, Liubov},
  booktitle={The Extended Semantic Web Conference},
  year={2024}
}

@article{datta2024construction,
  title={Construction of Hyper-Relational Knowledge Graphs Using Pre-Trained Large Language Models},
  author={Datta, Preetha and Vitiugin, Fedor and Chizhikova, Anastasiia and Sawhney, Nitin},
  journal={arXiv preprint arXiv:2403.11786},
  year={2024}
}

@misc{hyper,
  title = {What is hyper-relational knowledge graph?},
  url = {https://typeset.io/questions/what-is-hyper-relational-knowledge-graph-u1ofepnvz4},
  note = {Accessed: 26-09-2024}
}

@misc{llm_wiki,
  title = {Large language model},
  url ={https://en.wikipedia.org/wiki/Large_language_model},
  note = {Accessed: 27-09-2024}
}

@misc{llm_prompt,
  title = {LLM Prompt Engineering for Beginners: What It Is and How to Get Started},
  url ={https://medium.com/thedeephub/llm-prompt-engineering-for-beginners-what-it-is-and-how-to-get-started-0c1b483d5d4f},
  note = {Accessed: 27-09-2024}
}

@article{wei2022chain,
  title={Chain-of-thought prompting elicits reasoning in large language models},
  author={Wei, Jason and Wang, Xuezhi and Schuurmans, Dale and Bosma, Maarten and Xia, Fei and Chi, Ed and Le, Quoc V and Zhou, Denny and others},
  journal={Advances in neural information processing systems},
  volume={35},
  pages={24824--24837},
  year={2022}
}

@article{sahoo2024systematic,
  title={A systematic survey of prompt engineering in large language models: Techniques and applications},
  author={Sahoo, Pranab and Singh, Ayush Kumar and Saha, Sriparna and Jain, Vinija and Mondal, Samrat and Chadha, Aman},
  journal={arXiv preprint arXiv:2402.07927},
  year={2024}
}

@article{ye2023cognitive,
  title={Cognitive mirage: A review of hallucinations in large language models},
  author={Ye, Hongbin and Liu, Tong and Zhang, Aijia and Hua, Wei and Jia, Weiqiang},
  journal={arXiv preprint arXiv:2309.06794},
  year={2023}
}

@misc{react_llm,
  title = {ReAct: Synergizing Reasoning and Acting in Language Models},
  url ={https://react-lm.github.io/},
  note = {Accessed: 30-09-2024}
}

@article{wang2022self,
  title={Self-consistency improves chain of thought reasoning in language models},
  author={Wang, Xuezhi and Wei, Jason and Schuurmans, Dale and Le, Quoc and Chi, Ed and Narang, Sharan and Chowdhery, Aakanksha and Zhou, Denny},
  journal={arXiv preprint arXiv:2203.11171},
  year={2022}
}

@article{chen2022program,
  title={Program of thoughts prompting: Disentangling computation from reasoning for numerical reasoning tasks},
  author={Chen, Wenhu and Ma, Xueguang and Wang, Xinyi and Cohen, William W},
  journal={arXiv preprint arXiv:2211.12588},
  year={2022}
}

@misc{scratch,
  title = {Detailed Scratchpad Prompting: LLMs As Interpreters},
  url ={https://okarthikb.github.io/site/blog/detailed-prompting.html},
  note = {Accessed: 30-09-2024}
}

@article{nye2021show,
  title={Show your work: Scratchpads for intermediate computation with language models},
  author={Nye, Maxwell and Andreassen, Anders Johan and Gur-Ari, Guy and Michalewski, Henryk and Austin, Jacob and Bieber, David and Dohan, David and Lewkowycz, Aitor and Bosma, Maarten and Luan, David and others},
  journal={arXiv preprint arXiv:2112.00114},
  year={2021}
}

@article{deng2023rephrase,
  title={Rephrase and respond: Let large language models ask better questions for themselves},
  author={Deng, Yihe and Zhang, Weitong and Chen, Zixiang and Gu, Quanquan},
  journal={arXiv preprint arXiv:2311.04205},
  year={2023}
}

@article{zheng2023take,
  title={Take a step back: Evoking reasoning via abstraction in large language models},
  author={Zheng, Huaixiu Steven and Mishra, Swaroop and Chen, Xinyun and Cheng, Heng-Tze and Chi, Ed H and Le, Quoc V and Zhou, Denny},
  journal={arXiv preprint arXiv:2310.06117},
  year={2023}
}

@article{schulhoff2024prompt,
  title={The Prompt Report: A Systematic Survey of Prompting Techniques},
  author={Schulhoff, Sander and Ilie, Michael and Balepur, Nishant and Kahadze, Konstantine and Liu, Amanda and Si, Chenglei and Li, Yinheng and Gupta, Aayush and Han, HyoJung and Schulhoff, Sevien and others},
  journal={arXiv preprint arXiv:2406.06608},
  year={2024}
}

@article{liu2023pre,
  title={Pre-train, prompt, and predict: A systematic survey of prompting methods in natural language processing},
  author={Liu, Pengfei and Yuan, Weizhe and Fu, Jinlan and Jiang, Zhengbao and Hayashi, Hiroaki and Neubig, Graham},
  journal={ACM Computing Surveys},
  volume={55},
  number={9},
  pages={1--35},
  year={2023},
  publisher={ACM New York, NY}
}

@inproceedings{presutti2009extreme,
  title={eXtreme design with content ontology design patterns},
  author={Presutti, Valentina and Daga, Enrico and Gangemi, Aldo and Blomqvist, Eva},
  booktitle={Proc. Workshop on Ontology Patterns},
  pages={83--97},
  year={2009}
}

@misc{ciudad,
  title = {Ciudad abiertas},
  url ={https://ciudadesabiertas.es/vocabularios/#Descripci%C3%B3n},
  note = {Accessed: 14-10-2024}
}

@misc{bimerr,
  title = {BIMERR project},
  url ={https://bimerr.iot.linkeddata.es/},
  note = {Accessed: 14-10-2024}
}

@inproceedings{bountouni2021bimerr,
  title={The BIMERR Interoperability Framework: Towards BIM Enabled Interoperability in the Construction Sector},
  author={Bountouni, Nefeli and Lampathaki, Fenareti and Kousouris, Spiros and Tsitsanis, Anastasios and Vafeiadis, Georgios and Vergeti, Danai},
  booktitle={ISARC. Proceedings of the International Symposium on Automation and Robotics in Construction},
  volume={38},
  pages={94--101},
  year={2021},
  organization={IAARC Publications}
}


@misc{lot_github,
  title = {LOT-resources},
  url ={https://github.com/oeg-upm/LOT-resources},
  note = {Accessed: 14-10-2024}
}

@misc{fair_eu,
  title = {FAIR principles and Semantics on the Web: where is the meeting point?},
  url ={https://joinup.ec.europa.eu/collection/oeg-upm/news/fair-ontologies},
  note = {Accessed: 14-10-2024}
}

@article{chen2023unleashing,
  title={Unleashing the potential of prompt engineering in Large Language Models: a comprehensive review},
  author={Chen, Banghao and Zhang, Zhaofeng and Langren{\'e}, Nicolas and Zhu, Shengxin},
  journal={arXiv preprint arXiv:2310.14735},
  year={2023}
}

@misc{proptingguide_image,
  title = {Draw a Person Using Alphabet Letters},
  url ={https://www.promptingguide.ai/prompts/image-generation/alphabet-person},
  note = {Accessed: 15-10-2024}
}

@misc{medium_negative,
  title = {Master 10 Top Negative Prompts: Examples and Develop Guide},
  url ={https://medium.com/@marketing_novita.ai/master-10-top-negative-prompts-examples-and-develop-guide-3a22791aee30#:~:text=Negative%20prompts%20are%20powerful%20tools,%2C%20content%20creators%2C%20and%20developers.},
  note = {Accessed: 15-10-2024}
}

@misc{lp_style,
  title = {Style Modifiers},
  url ={https://learnprompting.org/docs/image_prompting/style_modifiers},
  note = {Accessed: 15-10-2024}
}

@article{oppenlaender2023taxonomy,
  title={A taxonomy of prompt modifiers for text-to-image generation},
  author={Oppenlaender, Jonas},
  journal={Behaviour \& Information Technology},
  pages={1--14},
  year={2023},
  publisher={Taylor \& Francis}
}

@article{zhao2023survey,
  title={A survey of large language models},
  author={Zhao, Wayne Xin and Zhou, Kun and Li, Junyi and Tang, Tianyi and Wang, Xiaolei and Hou, Yupeng and Min, Yingqian and Zhang, Beichen and Zhang, Junjie and Dong, Zican and others},
  journal={arXiv preprint arXiv:2303.18223},
  year={2023}
}

@article{witteveen2022investigating,
  title={Investigating prompt engineering in diffusion models},
  author={Witteveen, Sam and Andrews, Martin},
  journal={arXiv preprint arXiv:2211.15462},
  year={2022}
}

@article{hadi2023survey,
  title={A survey on large language models: Applications, challenges, limitations, and practical usage},
  author={Hadi, Muhammad Usman and Qureshi, Rizwan and Shah, Abbas and Irfan, Muhammad and Zafar, Anas and Shaikh, Muhammad Bilal and Akhtar, Naveed and Wu, Jia and Mirjalili, Seyedali and others},
  journal={Authorea Preprints},
  year={2023},
  publisher={Authorea}
}

@article{minaee2024large,
  title={Large language models: A survey},
  author={Minaee, Shervin and Mikolov, Tomas and Nikzad, Narjes and Chenaghlu, Meysam and Socher, Richard and Amatriain, Xavier and Gao, Jianfeng},
  journal={arXiv preprint arXiv:2402.06196},
  year={2024}
}

@misc{awesome_gpt,
  title = {Awesome-GPT-prompts},
  url ={https://huggingface.co/datasets/fka/awesome-chatgpt-prompts},
  note = {Accessed: 16-10-2024}
}

@misc{diffusion_db,
  title = {DiffusionDB},
  url ={https://github.com/poloclub/diffusiondb/tree/main},
  note = {Accessed: 16-10-2024}
}

@inproceedings{suarez2009write,
  title={How to write and use the ontology requirements specification document},
  author={Su{\'a}rez-Figueroa, Mari Carmen and G{\'o}mez-P{\'e}rez, Asunci{\'o}n and Villaz{\'o}n-Terrazas, Boris},
  booktitle={On the Move to Meaningful Internet Systems: OTM 2009: Confederated International Conferences, CoopIS, DOA, IS, and ODBASE 2009, Vilamoura, Portugal, November 1-6, 2009, Proceedings, Part II},
  pages={966--982},
  year={2009},
  organization={Springer}
}

@misc{template_orsd,
  title = {ORSD template Github},
  url ={https://github.com/oeg-upm/LOT-resources/tree/master/templates%20for%20ORSD},
  note = {Accessed: 17-10-2024}
}

@misc{protege_sw,
  title = {Protege software},
  url ={https://protege.stanford.edu/},
  note = {Accessed: 17-10-2024}
}

@misc{weighted_terms,
  title = {Weighted Terms},
  url ={https://learnprompting.org/docs/image_prompting/weighted_terms},
  note = {Accessed: 17-10-2024}
}

@inproceedings{liu2022design,
  title={Design guidelines for prompt engineering text-to-image generative models},
  author={Liu, Vivian and Chilton, Lydia B},
  booktitle={Proceedings of the 2022 CHI conference on human factors in computing systems},
  pages={1--23},
  year={2022}
}

@article{zhang2023multimodal,
  title={Multimodal chain-of-thought reasoning in language models},
  author={Zhang, Zhuosheng and Zhang, Aston and Li, Mu and Zhao, Hai and Karypis, George and Smola, Alex},
  journal={arXiv preprint arXiv:2302.00923},
  year={2023}
}

@article{meng2023chain,
  title={Chain of Images for Intuitively Reasoning},
  author={Meng, Fanxu and Yang, Haotong and Wang, Yiding and Zhang, Muhan},
  journal={arXiv preprint arXiv:2311.09241},
  year={2023}
}

@article{vaswani2017attention,
  title={Attention is all you need},
  author={Vaswani, A},
  journal={Advances in Neural Information Processing Systems},
  year={2017}
}

@article{shaw2018self,
  title={Self-attention with relative position representations},
  author={Shaw, Peter and Uszkoreit, Jakob and Vaswani, Ashish},
  journal={arXiv preprint arXiv:1803.02155},
  year={2018}
}

@misc{transformer_medium,
  title = {Introduction to Large Language Models and the Transformer Architecture},
  url ={https://rpradeepmenon.medium.com/introduction-to-large-language-models-and-the-transformer-architecture-534408ed7e61},
  note = {Accessed: 21-10-2024}
}

@article{ren2023pangu,
  title={Pangu-$\{$$\backslash$Sigma$\}$: Towards trillion parameter language model with sparse heterogeneous computing},
  author={Ren, Xiaozhe and Zhou, Pingyi and Meng, Xinfan and Huang, Xinjing and Wang, Yadao and Wang, Weichao and Li, Pengfei and Zhang, Xiaoda and Podolskiy, Alexander and Arshinov, Grigory and others},
  journal={arXiv preprint arXiv:2303.10845},
  year={2023}
}

@article{zhang2008layered,
  title={Layered approx-regular LDPC: Code construction and encoder/decoder design},
  author={Zhang, Haibin and Zhu, Jia and Shi, Huifeng and Wang, Dawei},
  journal={IEEE Transactions on Circuits and Systems I: Regular Papers},
  volume={55},
  number={2},
  pages={572--585},
  year={2008},
  publisher={IEEE}
}

@misc{llm_medium,
  title = {How large language models work},
  url ={https://medium.com/data-science-at-microsoft/how-large-language-models-work-91c362f5b78f},
  note = {Accessed: 22-10-2024}
}

@article{kojima2022large,
  title={Large language models are zero-shot reasoners},
  author={Kojima, Takeshi and Gu, Shixiang Shane and Reid, Machel and Matsuo, Yutaka and Iwasawa, Yusuke},
  journal={Advances in neural information processing systems},
  volume={35},
  pages={22199--22213},
  year={2022}
}

@misc{llm_wandb,
  title = {An Overview of Large Language Models (LLMs},
  url ={https://wandb.ai/mostafaibrahim17/ml-articles/reports/An-Overview-of-Large-Language-Models-LLMs---VmlldzozODA3MzQz},
  note = {Accessed: 22-10-2024}
}

@misc{gpt_dugas,
  title = {The GPT-3 Architecture, on a Napkin},
  url ={https://dugas.ch/artificial_curiosity/GPT_architecture.html},
  note = {Accessed: 22-10-2024}
}

@article{naveed2023comprehensive,
  title={A comprehensive overview of large language models},
  author={Naveed, Humza and Khan, Asad Ullah and Qiu, Shi and Saqib, Muhammad and Anwar, Saeed and Usman, Muhammad and Akhtar, Naveed and Barnes, Nick and Mian, Ajmal},
  journal={arXiv preprint arXiv:2307.06435},
  year={2023}
}


@misc{encoder_medium,
  title = {A Perfect guide to Understand Encoder Decoders in Depth with Visuals},
  url ={https://medium.com/@ahmadsabry678/a-perfect-guide-to-understand-encoder-decoders-in-depth-with-visuals-30805c23659b},
  note = {Accessed: 23-10-2024}
}


@misc{llm_labeller,
  title = {Exploring Architectures and Configurations for Large Language Models (LLMs)},
  url ={https://www.labellerr.com/blog/exploring-architectures-and-configurations-for-large-language-models-llms/},
  note = {Accessed: 23-10-2024}
}


@misc{uniteai_decoder,
  title = {Decoder-Based Large Language Models: A Complete Guide},
  url ={https://www.unite.ai/decoder-based-large-language-models-a-complete-guide/},
  note = {Accessed: 23-10-2024}
}

@misc{chatgpt_wiki,
  title = {ChatGPT},
  url ={https://en.wikipedia.org/wiki/ChatGPT},
  note = {Accessed: 23-10-2024}
}

@misc{journey_gpt,
  title = {The Journey of Open AI GPT models},
  url ={https://medium.com/walmartglobaltech/the-journey-of-open-ai-gpt-models-32d95b7b7fb2},
  note = {Accessed: 23-10-2024}
}

@article{radford2019language,
  title={Language models are unsupervised multitask learners},
  author={Radford, Alec and Wu, Jeffrey and Child, Rewon and Luan, David and Amodei, Dario and Sutskever, Ilya and others},
  journal={OpenAI blog},
  volume={1},
  number={8},
  pages={9},
  year={2019}
}

@article{achiam2023gpt,
  title={Gpt-4 technical report},
  author={Achiam, Josh and Adler, Steven and Agarwal, Sandhini and Ahmad, Lama and Akkaya, Ilge and Aleman, Florencia Leoni and Almeida, Diogo and Altenschmidt, Janko and Altman, Sam and Anadkat, Shyamal and others},
  journal={arXiv preprint arXiv:2303.08774},
  year={2023}
}

@inproceedings{kenton2019bert,
  title={Bert: Pre-training of deep bidirectional transformers for language understanding},
  author={Kenton, Jacob Devlin Ming-Wei Chang and Toutanova, Lee Kristina},
  booktitle={Proceedings of naacL-HLT},
  volume={1},
  pages={2},
  year={2019},
  organization={Minneapolis, Minnesota}
}

@article{bandy2021addressing,
  title={Addressing" documentation debt" in machine learning research: A retrospective datasheet for bookcorpus},
  author={Bandy, Jack and Vincent, Nicholas},
  journal={arXiv preprint arXiv:2105.05241},
  year={2021}
}

@inproceedings{shi2019next,
  title={Next sentence prediction helps implicit discourse relation classification within and across domains},
  author={Shi, Wei and Demberg, Vera},
  booktitle={Proceedings of the 2019 conference on empirical methods in natural language processing and the 9th international joint conference on natural language processing (EMNLP-IJCNLP)},
  pages={5790--5796},
  year={2019}
}

@article{anil2023palm,
  title={Palm 2 technical report},
  author={Anil, Rohan and Dai, Andrew M and Firat, Orhan and Johnson, Melvin and Lepikhin, Dmitry and Passos, Alexandre and Shakeri, Siamak and Taropa, Emanuel and Bailey, Paige and Chen, Zhifeng and others},
  journal={arXiv preprint arXiv:2305.10403},
  year={2023}
}

@article{barham2022pathways,
  title={Pathways: Asynchronous distributed dataflow for ml},
  author={Barham, Paul and Chowdhery, Aakanksha and Dean, Jeff and Ghemawat, Sanjay and Hand, Steven and Hurt, Daniel and Isard, Michael and Lim, Hyeontaek and Pang, Ruoming and Roy, Sudip and others},
  journal={Proceedings of Machine Learning and Systems},
  volume={4},
  pages={430--449},
  year={2022}
}

@misc{palm2_intro,
  title = {Introducing PaLM 2},
  url ={https://cloud.google.com/blog/topics/healthcare-life-sciences/sharing-google-med-palm-2-medical-large-language-model},
  note = {Accessed: 24-10-2024}
}

@article{touvron2023llama,
  title={Llama: Open and efficient foundation language models},
  author={Touvron, Hugo and Lavril, Thibaut and Izacard, Gautier and Martinet, Xavier and Lachaux, Marie-Anne and Lacroix, Timoth{\'e}e and Rozi{\`e}re, Baptiste and Goyal, Naman and Hambro, Eric and Azhar, Faisal and others},
  journal={arXiv preprint arXiv:2302.13971},
  year={2023}
}

@misc{llama3_intro,
  title = {Introducing Meta Llama 3: The most capable openly available LLM to date},
  url ={https://ai.meta.com/blog/meta-llama-3/},
  note = {Accessed: 24-10-2024}
}

@article{basile2023llamantino,
  title={LLaMAntino: LLaMA 2 models for effective text generation in Italian language},
  author={Basile, Pierpaolo and Musacchio, Elio and Polignano, Marco and Siciliani, Lucia and Fiameni, Giuseppe and Semeraro, Giovanni},
  journal={arXiv preprint arXiv:2312.09993},
  year={2023}
}

@article{raffel2020exploring,
  title={Exploring the limits of transfer learning with a unified text-to-text transformer},
  author={Raffel, Colin and Shazeer, Noam and Roberts, Adam and Lee, Katherine and Narang, Sharan and Matena, Michael and Zhou, Yanqi and Li, Wei and Liu, Peter J},
  journal={Journal of machine learning research},
  volume={21},
  number={140},
  pages={1--67},
  year={2020}
}

@misc{t5_docs,
  title = {T5},
  url ={https://huggingface.co/docs/transformers/model_doc/t5},
  note = {Accessed: 24-10-2024}
}

@article{le2023bloom,
  title={Bloom: A 176b-parameter open-access multilingual language model},
  author={Le Scao, Teven and Fan, Angela and Akiki, Christopher and Pavlick, Ellie and Ili{\'c}, Suzana and Hesslow, Daniel and Castagn{\'e}, Roman and Luccioni, Alexandra Sasha and Yvon, Fran{\c{c}}ois and Gall{\'e}, Matthias and others},
  year={2023}
}

@misc{exploring_bloom,
  title = {Exploring BLOOM: A Comprehensive Guide to the Multilingual Large Language Model},
  url ={https://www.datacamp.com/blog/exploring-bloom-guide-to-multilingual-llm},
  note = {Accessed: 24-10-2024}
}

@article{jiang2023mistral,
  title={Mistral 7B},
  author={Jiang, Albert Q and Sablayrolles, Alexandre and Mensch, Arthur and Bamford, Chris and Chaplot, Devendra Singh and Casas, Diego de las and Bressand, Florian and Lengyel, Gianna and Lample, Guillaume and Saulnier, Lucile and others},
  journal={arXiv preprint arXiv:2310.06825},
  year={2023}
}

@article{wadekar2024evolution,
  title={The Evolution of Multimodal Model Architectures},
  author={Wadekar, Shakti N and Chaurasia, Abhishek and Chadha, Aman and Culurciello, Eugenio},
  journal={arXiv preprint arXiv:2405.17927},
  year={2024}
}

@misc{insights_gpt4,
  title = {Everything You Need to Know About GPT-4, GPT-4 Turbo, and GPT-4o},
  url ={https://medium.com/@tarekalkhatibb/everything-you-need-to-know-about-gpt-4-gpt-4-turbo-and-gpt-4o-5b607399c58e},
  note = {Accessed: 28-10-2024}
}

@misc{gemini_introduction,
  title = {Introducing Gemini: our largest and most capable AI model},
  url ={https://blog.google/technology/ai/google-gemini-ai/},
  note = {Accessed: 28-10-2024}
}

@inproceedings{rasheed2024glamm,
  title={Glamm: Pixel grounding large multimodal model},
  author={Rasheed, Hanoona and Maaz, Muhammad and Shaji, Sahal and Shaker, Abdelrahman and Khan, Salman and Cholakkal, Hisham and Anwer, Rao M and Xing, Eric and Yang, Ming-Hsuan and Khan, Fahad S},
  booktitle={Proceedings of the IEEE/CVF Conference on Computer Vision and Pattern Recognition},
  pages={13009--13018},
  year={2024}
}

@inproceedings{li2023blip,
  title={Blip-2: Bootstrapping language-image pre-training with frozen image encoders and large language models},
  author={Li, Junnan and Li, Dongxu and Savarese, Silvio and Hoi, Steven},
  booktitle={International conference on machine learning},
  pages={19730--19742},
  year={2023},
  organization={PMLR}
}

@inproceedings{chari2020explanation,
  title={Explanation ontology: a model of explanations for user-centered AI},
  author={Chari, Shruthi and Seneviratne, Oshani and Gruen, Daniel M and Foreman, Morgan A and Das, Amar K and McGuinness, Deborah L},
  booktitle={International Semantic Web Conference},
  pages={228--243},
  year={2020},
  organization={Springer}
}

@misc{aio,
  title = {Artificial Intelligence Ontology},
  url ={https://berkeleybop.github.io/artificial-intelligence-ontology/},
  note = {Accessed: 26-11-2024}
}

@article{glimm2014hermit,
  title={HermiT: an OWL 2 reasoner},
  author={Glimm, Birte and Horrocks, Ian and Motik, Boris and Stoilos, Giorgos and Wang, Zhe},
  journal={Journal of automated reasoning},
  volume={53},
  pages={245--269},
  year={2014},
  publisher={Springer}
}

@misc{carol,
  title = {Lewis Carol quotes},
  url ={https://www.goodreads.com/quotes/9467-alice-laughed-there-s-no-use-trying-she-said-one-can-t},
  note = {Accessed: 28-11-2024}
}

@misc{permaculture,
  title = {What is Permaculture?},
  url ={https://extension.usu.edu/permaculture/what-is-permaculture},
  note = {Accessed: 28-11-2024}
}


@article{norouzi2024ontology,
  title={Ontology Population using LLMs},
  author={Norouzi, Sanaz Saki and Barua, Adrita and Christou, Antrea and Gautam, Nikita and Eells, Andrew and Hitzler, Pascal and Shimizu, Cogan},
  journal={arXiv preprint arXiv:2411.01612},
  year={2024}
}


@inproceedings{saetia2024financial,
  title={Financial Product Ontology Population with Large Language Models},
  author={Saetia, Chanatip and Phruetthiset, Jiratha and Chalothorn, Tawunrat and Lertsutthiwong, Monchai and Taerungruang, Supawat and Buabthong, Pakpoom},
  booktitle={Proceedings of TextGraphs-17: Graph-based Methods for Natural Language Processing},
  pages={53--60},
  year={2024}
}

@inproceedings{lantow2016ontometrics,
  title={OntoMetrics: Putting Metrics into Use for Ontology Evaluation.},
  author={Lantow, Birger},
  booktitle={KEOD},
  pages={186--191},
  year={2016}
}

@article{poveda2014oops,
  title={Oops!(ontology pitfall scanner!): An on-line tool for ontology evaluation},
  author={Poveda-Villal{\'o}n, Mar{\'\i}a and G{\'o}mez-P{\'e}rez, Asunci{\'o}n and Su{\'a}rez-Figueroa, Mari Carmen},
  journal={International Journal on Semantic Web and Information Systems (IJSWIS)},
  volume={10},
  number={2},
  pages={7--34},
  year={2014},
  publisher={IGI Global}
}

@misc{description_pattern,
  title = {Submissions:Description},
  url ={http://ontologydesignpatterns.org/wiki/Submissions:Description},
  note = {Accessed: 21-12-2024}
}

@misc{sequence_pattern,
  title = {Submissions:Sequence},
  url ={http://ontologydesignpatterns.org/wiki/Submissions:Sequence},
  note = {Accessed: 21-12-2024}
}

@misc{task_execution,
  title = {Submissions:TaskExecution},
  url ={http://ontologydesignpatterns.org/wiki/Submissions:TaskExecution},
  note = {Accessed: 21-12-2024}
}

@incollection{gangemi2009ontology,
  title={Ontology design patterns},
  author={Gangemi, Aldo and Presutti, Valentina},
  booktitle={Handbook on ontologies},
  pages={221--243},
  year={2009},
  publisher={Springer}
}

@book{hitzler2016ontology,
  title={Ontology engineering with ontology design patterns: foundations and applications},
  author={Hitzler, Pascal and Gangemi, Aldo and Janowicz, Krzysztof},
  volume={25},
  year={2016},
  publisher={IOS Press}
}

@inproceedings{falbo2013ontology,
  title={Ontology patterns: clarifying concepts and terminology},
  author={Falbo, R de A and Guizzardi, Giancarlo and Gangemi, Aldo and Presutti, Valentina},
  booktitle={Proceedings of the 4th Workshop on Ontology and Semantic Web Patterns},
  volume={1188},
  year={2013}
}


@article{shimizu2019modl,
  title={MODL: a modular ontology design library},
  author={Shimizu, Cogan and Hirt, Quinn and Hitzler, Pascal},
  journal={arXiv preprint arXiv:1904.05405},
  year={2019}
}

@article{yusof2019malaysian,
  title={Malaysian food composition ontology evaluation},
  author={Yusof, Norlia M and Noah, Shahrul Azman M},
  journal={International Journal of Machine Learning and Computing},
  volume={9},
  number={5},
  pages={700--705},
  year={2019}
}

@article{borgo2022dolce,
  title={DOLCE: A descriptive ontology for linguistic and cognitive engineering},
  author={Borgo, Stefano and Ferrario, Roberta and Gangemi, Aldo and Guarino, Nicola and Masolo, Claudio and Porello, Daniele and Sanfilippo, Emilio M and Vieu, Laure},
  journal={Applied ontology},
  volume={17},
  number={1},
  pages={45--69},
  year={2022},
  publisher={IOS Press}
}

@article{tourismOntology2013,
  author = {Fodor, Otilia and Iosif, Roxana and Vintila, Sorin},
  title = {An Ontological Approach for Tourism Domain},
  journal = {Informatica Economica},
  volume = {17},
  number = {3},
  pages = {69-82},
  year = {2013},
  url = {https://www.researchgate.net/publication/274077474_An_Ontological_Approach_for_Tourism_Domain}
}

@inproceedings{taskOntologyPlanning,
  author = {McDermott, Drew},
  title = {A Temporal Logic for Reasoning about Processes and Plans},
  booktitle = {Proceedings of the International Joint Conference on Artificial Intelligence (IJCAI)},
  year = {1982},
  pages = {251-256},
  url = {https://dl.acm.org/doi/10.5555/1623411.1623476}
}

@article{ontoweb2002,
  author = {Gómez-Pérez, Asunción and Corcho, Oscar and Fernández-López, Mariano},
  title = {OntoWeb: A Semantic Web Community Portal},
  journal = {IEEE Intelligent Systems},
  volume = {17},
  number = {2},
  pages = {38-45},
  year = {2002},
  doi = {10.1109/5254.988457},
  url = {https://ieeexplore.ieee.org/document/988457}
}

@misc{ontology_engineering_wiki,
  title = {Ontology engineering},
  url ={https://en.wikipedia.org/wiki/Ontology_engineering},
  note = {Accessed: 06-02-2024}
}

@misc{odps,
  title = {Ontology design patterns},
  url ={http://ontologydesignpatterns.org/wiki/Main_Page},
  note = {Accessed: 07-02-2024}
}

@misc{sroiq,
  title = {SROIQ},
  url ={https://www.w3.org/2007/OWL/wiki/SROIQ},
  note = {Accessed: 07-02-2024}
}

@article{achiam2023gpt,
  title={Gpt-4 technical report},
  author={Achiam, Josh and Adler, Steven and Agarwal, Sandhini and Ahmad, Lama and Akkaya, Ilge and Aleman, Florencia Leoni and Almeida, Diogo and Altenschmidt, Janko and Altman, Sam and Anadkat, Shyamal and others},
  journal={arXiv preprint arXiv:2303.08774},
  year={2023}
}

@article{zhao2023survey,
  title={A survey of large language models},
  author={Zhao, Wayne Xin and Zhou, Kun and Li, Junyi and Tang, Tianyi and Wang, Xiaolei and Hou, Yupeng and Min, Yingqian and Zhang, Beichen and Zhang, Junjie and Dong, Zican and others},
  journal={arXiv preprint arXiv:2303.18223},
  year={2023}
}

@article{ewer2024entp,
  title={ENTP: Encoder-only Next Token Prediction},
  author={Ewer, Ethan and Chae, Daewon and Zeng, Thomas and Kim, Jinkyu and Lee, Kangwook},
  journal={arXiv preprint arXiv:2410.01600},
  year={2024}
}

@article{falquet2011introduction,
  title={An introduction to ontologies and ontology engineering},
  author={Falquet, Gilles and M{\'e}tral, Claudine and Teller, Jacques and Tweed, Christopher and Roussey, Catherine and Pinet, Francois and Kang, Myoung Ah and Corcho, Oscar},
  journal={Ontologies in Urban development projects},
  pages={9--38},
  year={2011},
  publisher={Springer}
}

@misc{swrl_wiki,
  title = {SWRL},
  url ={https://en.wikipedia.org/wiki/Semantic_Web_Rule_Language},
  note = {Accessed: 12-02-2024}
}



@misc{ontolang_wiki,
  title = {Ontology Language},
  url ={https://en.wikipedia.org/wiki/Ontology_language},
  note = {Accessed: 13-02-2024}
}